@manual{sample,
  organization = {TU Dortmund, Fakultät Physik},
  title = {Versuchanleitung zum Millikan-Öltröpfchenversuch},
  year = 2014
}

@online{faraday,
  url     = {https://www.chemie.de/lexikon/Faraday-Konstante.html},
  urldate = {2022-06-12},
  title   = {Faraday-Konstante},
  author  = {chemie.de}
}

@online{e,
  url = {https://www.leifiphysik.de/elektrizitaetslehre/ladungen-elektrisches-feld/grundwissen/elementarladung},
  urldate = {2022-06-12},
  title = {Elementarladung},
  author = {LEIFI-Physik}
}

@online{avogadro,
  url = {https://www.chemie.de/lexikon/Avogadro-Konstante.html},
  urldate = {2022-06-12},
  title = {Avogadro-Konstante},
  authore = {chemie.de}
}