@manual{sample,
  organization = {TU Dortmund, Fakultät Physik},
  title = {Das Trägheitsmoment},
  year = 2014
}
