@manual{sample,
  author = {TU Dortmund},
  title = {Versuch Reflexion, Beugung und Brechung},
  year = 2014
}
