@manual{sample,
  organization = {TU Dortmund, Fakultät Physik},
  title = {Franck-Hertz Versuchanleitung},
  year = 2014
}
@online{python,
url = {https://pythonhosted.org/uncertainties/},
urldate = {2022-04-26},
title ={Uncertainties package},
author = {pythonhosted.org}}
@online{lit,
url = {https://www.chemie.de/lexikon/Franck-Hertz-Versuch.html},
urldate = {2022-05-21},
title ={Literaturwerte Anregungsenergie und Wellenlänge},
author = {chemie.de}}

