@manual{sample,
  author = {TU Dortmund},
  title = {Verdampfungsw채rme und Dampfdruckkurve},
  year = 2014
}

@online{verdampf,
  author = "Dr. R체diger Paschotta",
  title = "Verdampfungsw채rme und Kondensationsw채rme",
  year = "2021",
  url = "https://www.energie-lexikon.info/verdampfungswaerme_und_kondensationswaerme.html",
  note = "Online; zuletzt besucht am 29.11.2021"
}