@manual{sample,
  organization = {TU Dortmund, Fakult√§t Physik},
  title = {Versuch 704 - Absorption von Gamma- und Betastrahlung},
  year = 2014
}

@online{unc,
url = {https://pythonhosted.org/uncertainties/},
urldate = {2022-04-26},
title ={Uncertainties package},
author = {pythonhosted.org}}