@manual{sample,
  author = {TU Dortmund},
  title = {Versuch 204: Wärmeleitung von Metallen},
  year = 2014
}

@online{dichten,
url = {https://www.yaclass.at/p/physik/9-schulstufe/kinematik-20670/dichte-20598/re-1c28828a-3952-4508-8213-00d97ae06a65},
urldate = {2022-01-16},
title = {Dichtetabellen von Stoffen},
author = {YaClass},
}

@online{spezifischeWaerme,
url = {https://www.chemie.de/lexikon/Spezifische_W%C3%A4rmekapazit%C3%A4t.html},
urldate = {2022-01-16},
title = {Spezifische Wärmekapazität},
author = {chemie.de},
}

@online{waermeleitfähigkeit,
url = {https://www.schweizer-fn.de/stoff/wleit_metall/wleit_metall.php},
urldate = {2022-01-16},
title = {Wärmeleitfähigkeit - Metalle},
author = {schweizer-fn.de},
}