@manual{sample,
  author = {TU Dortmund},
  title = {V308: Spulen und Magnetfelder},
  year = 2014
}
