@manual{anleitung107,
  author = {TU Dortmund},
  title = {Versuch V107: Das Kugelfall-Viskosimeter nach HÃ¶ppler},
  year = 2014
}

@manual{waterdensity,
author = {Frostburg State University},
title = {Water Density Calculator},
url = "http://antoine.frostburg.edu/chem/senese/javascript/water-density.html"
}
