@manual{sample,
  organization = {TU Dortmund, Fakult√§t Physik},
  title = {Versuch 704 Aktivierung mit Neutronen},
  year = 2014
}

@online{periodensystem,
  url       = {https://www.periodensystem-online.de/},
  urldate   = {2022-04-30},
  title     = {Online Periodensystem},
}