@manual{sample,
author = {TU Dortmund},
title = {Versuch Photoeffekt, V500},
year = 2014
}
