@manual{sample,
  organization = {TU Dortmund, Fakultät Physik},
  title = {Versuchanleitung zu Messung der Suszeptibilität paramgnetischer Substanzen},
  year = 2014
}
