@manual{sample,
  organization = {TU Dortmund, Fakult√§t Physik},
  title = {US 1: Grundlagen der Ultraschalltechnik},
  year = 2014
}
