@manual{anleitung,
  author = {TU Dortmund},
  title = {Anleitung: Biegung elastischer Stäbe},
  year = 2014
}

@online{flaechentreagheitsmomente,
  url = {https://www.ingenieurkurse.de/technische-mechanik-elastostatik/balkenbiegung/flaechentraegheitsmomente/flaechentraegheitsmomente-in-abhaengigkeit-vom-koordinatensystem.html},
  urldate = {2021-12-28},
  title ={Übersicht: Flächenträgheitsmomente für ausgewählte Querschnitte},
  author = {ingenieurkurse.de}}