@manual{sample,
  organization = {TU Dortmund, Fakult√§t Physik},
  title = {Versuch zum Literaturverzeichnis},
  year = 2014
}

@online{wolfram,
  url = {https://www.formel-sammlung.de/formel-Austrittsarbeit-von-Elektronen-aus-Metallen-3-25-134.html},
  urldate = {2022-06-25},
  title = {Austrittsarbeit von Elektronen in Metallen}
}