@manual{sample,
  organization = {TU Dortmund, Fakult√§t Physik},
  title = {US2 Anleitung},
  year = 2014
}

@online{schallgeschwindigkeit,
url = {https://www.olympus-ims.com/de/ndt-tutorials/thickness-gauge/appendices-velocities/},
urldate = {2022-05-11},
title = {Schallgeschwindigkeit im Material},
author = {Olympus} 
}
