@manual{sample,
  organization = {TU Dortmund, Fakult√§t Physik},
  title = {Versuch zur Dopplersonographie},
  year = 2014
}
