@manual{sample,
  organization = {TU Dortmund, Fakultät Physik},
  title = {Versuch zum Literaturverzeichnis},
  year = 2014
}

@online{ekabs,
  url = {https://wissen.science-and-fun.de/tabellen-fur-spektroskopiker/wellenlaengen-und-anregungsenergien-von-k-und-l-absorptionskanten/},
  urldate = {2022-05-30},
  title = {Wellenlängen und Anregungsenergien von K- und L- Absorptionskanten},
  author = {science-and-fun.de},
}