@manual{sample,
  author = {TU Dortmund},
  title = {Versuch zum Literaturverzeichnis},
  year = 2014
}
@manual{Blatt,
  title = {Versuchsanleitung zu "Elektrische Br√ºckenschaltungen"}
}
